@INPROCEEDINGS{scrump1,
  author={Srivastava, Apoorva and Bhardwaj, Sukriti and Saraswat, Shipra},
  booktitle={2017 International Conference on Computing, Communication and Automation (ICCCA)}, 
  title={SCRUM model for agile methodology}, 
  year={2017},
  volume={},
  number={},
  pages={864-869},
  doi={10.1109/CCAA.2017.8229928}}


@article{scrump2,
  title = {Scrum: A Systematic Literature Review},
  author = {TÃ¡bata Nakagomi Fernandes Pereira and Milena Silva de Oliveira},
  journal = {International Journal of Advanced Computer Science and Applications},
  year = {2023},
  doi = {10.14569/ijacsa.2023.0140420}
}
@INPROCEEDINGS{scrump3,
  author={Hossain, Emam and Babar, Muhammad Ali and Paik, Hye-young},
  booktitle={2009 Fourth IEEE International Conference on Global Software Engineering}, 
  title={Using Scrum in Global Software Development: A Systematic Literature Review}, 
  year={2009},
  volume={},
  number={},
  pages={175-184},
  doi={10.1109/ICGSE.2009.25}}

@article{seymour2014history,
  title={The history of project management},
  author={Seymour, Tom and Hussein, Sara and others},
  journal={International Journal of Management \& Information Systems (IJMIS)},
  volume={18},
  number={4},
  pages={233--240},
  year={2014}
}

@article{kwak2005brief,
  title={A brief history of project management},
  author={Kwak, Young-Hoon and others},
  journal={The story of managing projects},
  volume={9},
  year={2005},
  publisher={Greenwood Publishing Group Westport}
}

@article{padalkar2016six,
  title={Six decades of project management research: Thematic trends and future opportunities},
  author={Padalkar, Milind and Gopinath, Saji},
  journal={International journal of project management},
  volume={34},
  number={7},
  pages={1305--1321},
  year={2016},
  publisher={Elsevier}
}

@article{kabeyi2019evolution,
  title={Evolution of project management, monitoring and evaluation, with historical events and projects that have shaped the development of project management as a profession},
  author={Kabeyi, Moses Jeremiah Barasa},
  journal={Int J Sci Res},
  volume={8},
  number={12},
  pages={63--79},
  year={2019}
}

@article{dybaa2008empirical,
  title={Empirical studies of agile software development: A systematic review},
  author={Dyb{\aa}, Tore and Dings{\o}yr, Torgeir},
  journal={Information and software technology},
  volume={50},
  number={9-10},
  pages={833--859},
  year={2008},
  publisher={Elsevier}
}

@article{abrahamsson2017agile,
  title={Agile software development methods: Review and analysis},
  author={Abrahamsson, Pekka and Salo, Outi and Ronkainen, Jussi and Warsta, Juhani},
  journal={arXiv preprint arXiv:1709.08439},
  year={2017}
}

@article{misra2012agile,
  title={Agile software development practices: evolution, principles, and criticisms},
  author={Misra, Subhas and Kumar, Vinod and Kumar, Uma and Fantazy, Kamel and Akhter, Mahmud},
  journal={International Journal of Quality \& Reliability Management},
  volume={29},
  number={9},
  pages={972--980},
  year={2012},
  publisher={Emerald Group Publishing Limited}
}

@article{rigby2016secret,
  title={The secret history of agile innovation},
  author={Rigby, Darell K and Sutherland, Jeff and Takeuchi, Hirotaka},
  journal={Harvard Business Review},
  volume={4},
  year={2016}
}

@article{rasnacis2017method,
  title={Method for adaptation and implementation of agile project management methodology},
  author={Rasnacis, Arturs and Berzisa, Solvita},
  journal={Procedia Computer Science},
  volume={104},
  pages={43--50},
  year={2017},
  publisher={Elsevier}
}

@inproceedings{coram2005impact,
  title={The impact of agile methods on software project management},
  author={Coram, Michael and Bohner, Shawn},
  booktitle={12th IEEE International Conference and Workshops on the Engineering of Computer-Based Systems (ECBS'05)},
  pages={363--370},
  year={2005},
  organization={IEEE}
}

@book{schwaber2001agile,
  title={Agile software development with Scrum},
  author={Schwaber, Ken and Beedle, Mike},
  year={2001},
  publisher={Prentice Hall PTR}
}

@inproceedings{ahmad2013kanban,
  title={Kanban in software development: A systematic literature review},
  author={Ahmad, Muhammad Ovais and Markkula, Jouni and Oivo, Markku},
  booktitle={2013 39th Euromicro conference on software engineering and advanced applications},
  pages={9--16},
  year={2013},
  organization={IEEE}
}

@article{thesing2021agile,
  title={Agile versus waterfall project management: decision model for selecting the appropriate approach to a project},
  author={Thesing, Theo and Feldmann, Carsten and Burchardt, Martin},
  journal={Procedia Computer Science},
  volume={181},
  pages={746--756},
  year={2021},
  publisher={Elsevier}
}

@article{amlani2012advantages,
  title={Advantages and limitations of different SDLC models},
  author={Amlani, Radhika D},
  journal={International Journal of Computer Applications \& Information Technology},
  volume={1},
  number={3},
  pages={6--11},
  year={2012}
}

@book{hibbs2009art,
  title={The art of lean software development: a practical and incremental approach},
  author={Hibbs, Curt and Jewett, Steve and Sullivan, Mike},
  year={2009},
  publisher={" O'Reilly Media, Inc."}
}

@inproceedings{mitchell2009comparison,
  title={A comparison of software cost, duration, and quality for waterfall vs. iterative and incremental development: A systematic review},
  author={Mitchell, Susan M and Seaman, Carolyn B},
  booktitle={2009 3rd international symposium on empirical software engineering and measurement},
  pages={511--515},
  year={2009},
  organization={IEEE}
}

@article{al2020agile,
  title={Agile software development: Methodologies and trends.},
  author={Al-Saqqa, Samar and Sawalha, Samer and AbdelNabi, Hiba},
  journal={International Journal of Interactive Mobile Technologies},
  volume={14},
  number={11},
  year={2020}
}

@article{despa2014comparative,
  title={Comparative study on software development methodologies.},
  author={Despa, Mihai Liviu},
  journal={Database Systems Journal},
  volume={5},
  number={3},
  year={2014}
}

@article{lei2017statistical,
  title={A statistical analysis of the effects of Scrum and Kanban on software development projects},
  author={Lei, Howard and Ganjeizadeh, Farnaz and Jayachandran, Pradeep Kumar and Ozcan, Pinar},
  journal={Robotics and Computer-Integrated Manufacturing},
  volume={43},
  pages={59--67},
  year={2017},
  publisher={Elsevier}
}

@article{zayat2020framework,
  title={Framework study for agile software development via scrum and Kanban},
  author={Zayat, Wael and Senvar, Ozlem},
  journal={International journal of innovation and technology management},
  volume={17},
  number={04},
  pages={2030002},
  year={2020},
  publisher={World Scientific}
}

@inproceedings{ahmad2016transition,
  title={Transition of software maintenance teams from Scrum to Kanban},
  author={Ahmad, Muhammad Ovais and Kuvaja, Pasi and Oivo, Markku and Markkula, Jouni},
  booktitle={2016 49th Hawaii International Conference on System Sciences (HICSS)},
  pages={5427--5436},
  year={2016},
  organization={IEEE}
}

@book{reddy2015scrumban,
  title={The Scrumban [r] evolution: getting the most out of Agile, Scrum, and lean Kanban},
  author={Reddy, Ajay},
  year={2015},
  publisher={Addison-Wesley Professional}
}

@book{ladas2009scrumban,
  title={Scrumban-essays on kanban systems for lean software development},
  author={Ladas, Corey},
  year={2009},
  publisher={Lulu. com}
}

@article{cho2010exploratory,
  title={An exploratory study on issues and challenges of agile software development with scrum},
  author={Cho, Juyun Joey},
  journal={All Graduate theses and dissertations},
  pages={599},
  year={2010}
}

@inproceedings{faniran2017adopting,
  title={Adopting Scrum as an Agile approach in distributed software development: A review of literature},
  author={Faniran, Victor Temitayo and Badru, Abdulbaqi and Ajayi, Nurudeen},
  booktitle={2017 1st International Conference on Next Generation Computing Applications (NextComp)},
  pages={36--40},
  year={2017},
  organization={IEEE}
}

@article{kirovska2015usage,
  title={Usage of Kanban methodology at software development teams},
  author={Kirovska, Nevenka and Koceski, Saso},
  journal={Journal of applied economics and business},
  volume={3},
  number={3},
  pages={25--34},
  year={2015},
  publisher={Education and Novel Technology Research Association}
}

@article{ahmad2018kanban,
  title={Kanban in software engineering: A systematic mapping study},
  author={Ahmad, Muhammad Ovais and Dennehy, Denis and Conboy, Kieran and Oivo, Markku},
  journal={Journal of Systems and Software},
  volume={137},
  pages={96--113},
  year={2018},
  publisher={Elsevier}
}

@INPROCEEDINGS{kanban1,
  author={Ahmad, Muhammad Ovais and Markkula, Jouni and Oivo, Markku},
  booktitle={2013 39th Euromicro Conference on Software Engineering and Advanced Applications}, 
  title={Kanban in software development: A systematic literature review}, 
  year={2013},
  volume={},
  number={},
  pages={9-16},
  doi={10.1109/SEAA.2013.28}}

@article{kanban2,
title = {Kanban in software engineering: A systematic mapping study},
journal = {Journal of Systems and Software},
volume = {137},
pages = {96-113},
year = {2018},
issn = {0164-1212},
doi = {https://doi.org/10.1016/j.jss.2017.11.045},
url = {https://www.sciencedirect.com/science/article/pii/S0164121217302820},
author = {Muhammad Ovais Ahmad and Denis Dennehy and Kieran Conboy and Markku Oivo},
keywords = {Kanban, Lean, Software engineering, Software development},
}
@article{kanban3,
  title={The state of the art of agile kanban method: challenges and opportunities},
  author={Alaidaros, Hamzah and Omar, Mazni and Romli, Rohaida},
  journal={Independent Journal of Management \& Production},
  volume={12},
  number={8},
  pages={2535--2550},
  year={2021}
}

@book{kniberg2010kanban,
  title={Kanban and Scrum-making the most of both},
  author={Kniberg, Henrik and Skarin, Mattias},
  year={2010},
  publisher={Lulu. com}
}

@article{mahnivc2015scrum,
  title={From Scrum to Kanban: introducing lean principles to a software engineering capstone course},
  author={Mahni{\v{c}}, Viljan},
  journal={Inter. J. of Engng. Educ},
  volume={31},
  number={4},
  pages={1106--1116},
  year={2015}
}

@inproceedings{alqudah2017comparison,
  title={A comparison of scrum and Kanban for identifying their selection factors},
  author={Alqudah, Mashal and Razali, Rozilawati},
  booktitle={2017 6th International Conference on Electrical Engineering and Informatics (ICEEI)},
  pages={1--6},
  year={2017},
  organization={IEEE}
}

@article{s1-alqudah2018empirical,
  title={An empirical study of Scrumban formation based on the selection of scrum and Kanban practices},
  author={Alqudah, Mashal and Razali, Rozilawati},
  journal={Int. J. Adv. Sci. Eng. Inf. Technol},
  volume={8},
  number={6},
  pages={2315--2322},
  year={2018}
}

@inproceedings{schwaber1997scrum,
  title={Scrum development process},
  author={Schwaber, Ken},
  booktitle={Business Object Design and Implementation: OOPSLAâ95 Workshop Proceedings 16 October 1995, Austin, Texas},
  pages={117--134},
  year={1997},
  organization={Springer}
}

@article{rising2000scrum,
  title={The Scrum software development process for small teams},
  author={Rising, Linda and Janoff, Norman S},
  journal={IEEE software},
  volume={17},
  number={4},
  pages={26--32},
  year={2000},
  publisher={IEEE}
}

@inproceedings{diebold2015practitioners,
  title={What do practitioners vary in using scrum?},
  author={Diebold, Philipp and Ostberg, Jan-Peter and Wagner, Stefan and Zendler, Ulrich},
  booktitle={Agile Processes in Software Engineering and Extreme Programming: 16th International Conference, XP 2015, Helsinki, Finland, May 25-29, 2015, Proceedings 16},
  pages={40--51},
  year={2015},
  organization={Springer}
}

@article{corona2013review,
  title={A review of lean-kanban approaches in the software development},
  author={Corona, Erika and Pani, Filippo Eros and others},
  journal={WSEAS transactions on information science and applications},
  volume={10},
  number={1},
  pages={1--13},
  year={2013},
  publisher={WSEAS}
}


@inproceedings{ikonen2011impact,
  title={On the impact of Kanban on software project work: An empirical case study investigation},
  author={Ikonen, Marko and Pirinen, Elena and Fagerholm, Fabian and Kettunen, Petri and Abrahamsson, Pekka},
  booktitle={2011 16th IEEE international conference on engineering of complex computer systems},
  pages={305--314},
  year={2011},
  organization={IEEE}
}

@inproceedings{ikonen2010leadership,
  title={Leadership in Kanban software development projects: A quasi-controlled experiment},
  author={Ikonen, Marko},
  booktitle={International Conference on Lean Enterprise Software and Systems},
  pages={85--98},
  year={2010},
  organization={Springer}
}


@article{al2015kanban,
  title={The kanban approach, between agility and leanness: a systematic review},
  author={Al-Baik, Osama and Miller, James},
  journal={Empirical Software Engineering},
  volume={20},
  pages={1861--1897},
  year={2015},
  publisher={Springer}
}


